@Article{koch2016plant,
  author = {Linda Koch},
  title = {Plant genomics: 1001 genomes and epigenomes},
  date = {2016-7-25},
  volume = {17},
  number = {9},
  pages = {503-503},
  url = {http://dx.doi.org/10.1038/nrg.2016.99},
  doi = {10.1038/nrg.2016.99},
  issn = {1471-0056},
  score = {16.470392},
  journaltitle = {Nature Reviews Genetics},
  year = {2017},
}
